<?xml version="1.0" encoding="UTF-8"?><collection xmlns="http://www.loc.gov/MARC21/slim"><record><leader>00475nam--2200169-i-4500</leader><controlfield tag="001">000031676</controlfield><controlfield tag="002">20161230</controlfield><controlfield tag="005">20161230201038</controlfield><controlfield tag="008">060222s1000------------r-----000-0-eng-d</controlfield><datafield ind1=" " ind2=" " tag="040"><subfield code="a">IFIN-HH</subfield></datafield><datafield ind1=" " ind2=" " tag="041"><subfield code="a">eng</subfield></datafield><datafield ind1=" " ind2=" " tag="100"><subfield code="a">Lindsay, Robert Bruce</subfield></datafield><datafield ind1="1" ind2="0" tag="245"><subfield code="a">Concepts and methods of theoretical physics</subfield><subfield code="c">Robert bruce lindsay</subfield></datafield><datafield ind1=" " ind2=" " tag="260"><subfield code="a">Toronto,New York,London</subfield><subfield code="b">Van Nostrand Company</subfield><subfield code="c">/Fara An</subfield></datafield><datafield ind1=" " ind2=" " tag="300"><subfield code="a">X+515P</subfield></datafield><datafield ind1=" " ind2=" " tag="852"><subfield code="a">10552</subfield><subfield code="c">530.1</subfield></datafield><datafield ind1=" " ind2=" " tag="CAT"><subfield code="a">Sys</subfield><subfield code="c">20160413</subfield><subfield code="h">112048</subfield></datafield></record></collection>